
@inproceedings{ShapiroSSS11 ,
  author    = {Marc Shapiro and
               Nuno M. Pregui{\c{c}}a and
               Carlos Baquero and
               Marek Zawirski},
  title     = {Conflict-Free Replicated Data Types},
  booktitle = {13th International Symposium on Stabilization, Safety, and Security of Distributed Systems, {SSS} 2011},
  month     = oct,
  pages     = {386--400},
  year      = {2011}, 
  url       = {https://dx.doi.org/10.1007/978-3-642-24550-3_29},
  doi       = {10.1007/978-3-642-24550-3_29}
}

@article{IPFS14,
  author     = {Juan Benet},
  title      = {{IPFS} - Content Addressed, Versioned, {P2P} File System},
  journal    = {CoRR},
  volume     = {abs/1407.3561},
  year       = {2014},
  url        = {http://arxiv.org/abs/1407.3561},
  eprinttype = {arXiv},
  eprint     = {1407.3561},
  timestamp  = {Mon, 13 Aug 2018 16:47:09 +0200},
  biburl     = {https://dblp.org/rec/journals/corr/Benet14.bib},
  bibsource  = {dblp computer science bibliography, https://dblp.org},
  doi        = {10.48550/arXiv.1407.3561}
}



@InProceedings{WeissICDCS09,
author = {St\'ephane Weiss and Pascal Urso and Pascal Molli},
title = {{Logoot : A Scalable Optimistic Replication Algorithm for Collaborative Editing on P2P Networks}},
booktitle = {Proceedings of the 29th International Conference on Distributed Computing Systems - ICDCS 2009},
issn = {1063-6927},
year = {2009},
month = jun,
pages = {404-412},
doi = {10.1109/ICDCS.2009.75},
url = {https://dx.doi.org/10.1109/ICDCS.2009.75},
location = {Montreal, Quebec, Canada},
publisher = {IEEE Computer Society},
}

@report{Shapiro2011,
  author    = {Marc Shapiro and
              Nuno Preguiça and
              Carlos Baquero and
              Marek Zawirski},
  title     = {A comprehensive study of Convergent and Commutative Replicated Data Types},
  year      = {2011},
  url       = {https://lip6.fr/Marc.Shapiro/papers/Comprehensive-CRDTs-RR7506-2011-01.pdf},
}

@article{CAP,
author = {Gilbert, Seth and Lynch, Nancy},
title = {Brewer's Conjecture and the Feasibility of Consistent, Available, Partition-Tolerant Web Services},
year = {2002},
issue_date = {June 2002},
publisher = {Association for Computing Machinery},
address = {New York, NY, USA},
volume = {33},
number = {2},
issn = {0163-5700},
url = {https://doi.org/10.1145/564585.564601},
doi = {10.1145/564585.564601},
abstract = {When designing distributed web services, there are three properties that are commonly desired: consistency, availability, and partition tolerance. It is impossible to achieve all three. In this note, we prove this conjecture in the asynchronous network model, and then discuss solutions to this dilemma in the partially synchronous model.},
journal = {SIGACT News},
month = {jun},
pages = {51–59},
numpages = {9}
}



@article{AlmeidaJPDC18,
  author    = {Paulo S{\'{e}}rgio Almeida and
               Ali Shoker and
               Carlos Baquero},
  title     = {Delta state replicated data types},
  journal   = {J. Parallel Distributed Comput.},
  volume    = {111},
  pages     = {162--173},
  year      = {2018},
  url       = {https://doi.org/10.1016/j.jpdc.2017.08.003},
  doi       = {10.1016/j.jpdc.2017.08.003},
  timestamp = {Sat, 22 Feb 2020 19:36:21 +0100},
  biburl    = {https://dblp.org/rec/journals/jpdc/AlmeidaSB18.bib},
  bibsource = {dblp computer science bibliography, https://dblp.org}
}

@article{Trautwein22,
  author          = {Dennis Trautwein and
                     Aravindh Raman   and
                     Gareth Tyson     and
                     Ignacio Castro   and
                     Will Scott       and
                     Moritz Schubotz  and
                     Bela Gipp        and
                     Yiannis Psaras
                    },
  journal         = {SIGCOMM '22: Proceedings of the ACM SIGCOMM 2022 Conference},
  number          = {},
  title           = {Design and Evaluation of {IPFS}:A Storage Layer for the Decentralized Web},
  volume          = {},
  year            = {2022}
}

@misc{Sanjuan2020,
  doi = {10.48550/ARXIV.2004.00107},
  
  url = {https://arxiv.org/abs/2004.00107},
  
  author = {Sanjuan, Hector and Poyhtari, Samuli and Teixeira, Pedro and Psaras, Ioannis},
  
  keywords = {Networking and Internet Architecture (cs.NI), FOS: Computer and information sciences, FOS: Computer and information sciences},
  
  title = {Merkle-CRDTs: Merkle-DAGs meet CRDTs},
  
  publisher = {arXiv},
  
  year = {2020},
  
  copyright = {Creative Commons Attribution 4.0 International}
}



@misc{IPFS_DOAN,
  doi = {10.48550/ARXIV.2202.06315},
  
  url = {https://arxiv.org/abs/2202.06315},
  
  author = {Doan, Trinh Viet and Psaras, Yiannis and Ott, Jörg and Bajpai, Vaibhav},
  
  keywords = {Networking and Internet Architecture (cs.NI), FOS: Computer and information sciences, FOS: Computer and information sciences},
  
  title = {Towards Decentralised Cloud Storage with IPFS: Opportunities, Challenges, and Future Directions},
  
  publisher = {arXiv},
  
  year = {2022},
  
  copyright = {Creative Commons Attribution 4.0 International}
}

@article{Rodrigues2010,
author = {Rodrigues, Rodrigo and Druschel, Peter},
title = {Peer-to-Peer Systems},
year = {2010},
issue_date = {October 2010},
publisher = {Association for Computing Machinery},
address = {New York, NY, USA},
volume = {53},
number = {10},
issn = {0001-0782},
url = {https://doi.org/10.1145/1831407.1831427},
doi = {10.1145/1831407.1831427},
abstract = {Within a decade, P2P has proven to be a technology that enables innovative new services and is used by millions of people every day.},
journal = {Commun. ACM},
month = {oct},
pages = {72–82},
numpages = {11}
}

  


-- 
